# References on row polymorphism
@InCollection{Remy1994,
 author = {R{\'e}my, Didier},
 chapter = {Type Inference for Records in Natural Extension of ML},
 title = {Theoretical Aspects of Object-oriented Programming},
 editor = {Gunter, Carl A. and Mitchell, John C.},
 year = {1994},
 isbn = {0-262-07155-X},
 pages = {67--95},
 numpages = {29},
 url = {http://dl.acm.org/citation.cfm?id=186677.186689},
 acmid = {186689},
 publisher = {MIT Press},
 address = {Cambridge, MA, USA},
} 

# Core references on handlers
@Misc{Hillerstrom2015,
    author     =     {Daniel Hillerström},
    title      =     {{Handlers for Algebraic Effects in Links}},
    year       =     {2015},
    howpublished =   {Master's thesis}
}

@Misc{Hillerstrom2016,
  author = {Daniel Hillerström and Sam Lindley},
  title  = {{Liberating Effects using Rows and Handlers}},
  year   = {2016},
  howpublished = {Draft, June}
}

@Misc{Kammar2013,
 author = {Kammar, Ohad and Lindley, Sam and Oury, Nicolas},
 title = {{Handlers in Action}},
 howpublished = {ICFP},
 year = 2013
}

@Misc{Plotkin2013,
  author    = {Gordon D. Plotkin and
               Matija Pretnar},
  title     = {{Handling Algebraic Effects}},
  howpublished  = {Logical Methods in Computer Science},
  year      = 2013
}

@Misc{Wu2015,
  author    = {Nicolas Wu and
               Tom Schrijvers},
  title     = {{Fusion for Free - Efficient Algebraic Effect Handlers}},
  year      = {2015},
  howpublished = {MPC}
}

# References on Links
@misc{Cooper2006,
  author    = {Ezra Cooper and
               Sam Lindley and
               Philip Wadler and
               Jeremy Yallop},
  title     = {{Links: Web Programming Without Tiers}},
 howpublished = {FMCO '06},
 year  = 2006
}

# Related work on effects
@Misc{Kiselyov2013,
  author    = {Oleg Kiselyov and
               Amr Sabry and
               Cameron Swords},
  title     = {{Extensible effects: an alternative to monad transformers}},
  howpublished = {Haskell Symposium},
  year      = {2013}
}

@Misc{Kiselyov2015,
  author    = {Oleg Kiselyov and
               Hiromi Ishii},
  title     = {Freer monads, more extensible effects},
  howpublished = {Haskell Symposium},
  year      = 2015
}


# Delimited control
@Misc{Bruggeman1996,
  title={Representing control in the presence of one-shot continuations},
  author={Bruggeman, Carl and Waddell, Oscar and Dybvig, R Kent},
  howpublished={ACM SIGPLAN Notices},
  year={1996},
}

# A-normal form
@InProceedings{Flanagan1993,
 author = {Cormac Flanagan and Amr Sabry and Bruce F. Duba and Matthias Felleisen},
 title = {The Essence of Compiling with Continuations},
 booktitle = {Proceedings of the ACM SIGPLAN 1993 Conference on Programming Language Design and Implementation},
 series = {PLDI '93},
 year = {1993},
 isbn = {0-89791-598-4},
 location = {Albuquerque, New Mexico, USA},
 pages = {237--247},
 numpages = {11},
 url = {http://doi.acm.org/10.1145/155090.155113},
 OPTdoi = {10.1145/155090.155113},
 acmid = {155113},
 publisher = {ACM},
 address = {New York, NY, USA},
}

# Multicore OCaml
@misc{Dolan2015,
  title = {{Effective Concurrency through Algebraic Effects}},
  author = {Stephen Dolan and Leo White and KC Sivaramakrishnan and Jeremy Yallop and Anil Madhavapeddy},
  year = {2015},
  month = {9},
  note = {OCaml Workshop}
}

# Links compiler
@unpublished{Hol09,
  author = {Steven Holmes},
  title = {Compiling {Links} server-side code},
  year = 2009,
  note = {Bachelor thesis, The University of Edinburgh},
}



@inproceedings{PloegK14,
  author    = {Atze van der Ploeg and
               Oleg Kiselyov},
  title     = {Reflection without remorse: revealing a hidden sequence to speed up
               monadic reflection},
  howpublished = {Haskell Symposium},
  year      = {2014}
}

@proceedings{DBLP:conf/haskell/2014,
  editor    = {Wouter Swierstra},
  title     = {Proceedings of the 2014 {ACM} {SIGPLAN} symposium on Haskell, Gothenburg,
               Sweden, September 4-5, 2014},
  publisher = {{ACM}},
  year      = {2014},
  url       = {http://dl.acm.org/citation.cfm?id=2633357},
  isbn      = {978-1-4503-3041-1},
  timestamp = {Mon, 08 Sep 2014 16:10:48 +0200},
  biburl    = {http://dblp.uni-trier.de/rec/bib/conf/haskell/2014},
  bibsource = {dblp computer science bibliography, http://dblp.org}
}
