@MastersThesis{Hillerstrom2015,
    author     =     {Daniel Hillerström},
    title      =     {Handlers for Algebraic Effects in {Links}},
    school     =     {School of Informatics, the University of Edinburgh},
    address    =     {Scotland},
    month      =     aug,
    year       =     2015
}
@MastersThesis{Hillerstrom2016d,
    author     =     {Daniel Hillerström},
    title      =     {Compilation of Effect Handlers and their Applications in Concurrency},
    school     =     {School of Informatics, the University of Edinburgh},
    address    =     {Scotland},
    month      =     aug,
    year       =     2016,
}

@inproceedings{Cooper2006,
  author    = {Ezra Cooper and
               Sam Lindley and
               Philip Wadler and
               Jeremy Yallop},
  editor    = {Frank S. de Boer and
               Marcello M. Bonsangue and
               Susanne Graf and
               Willem P. de Roever},
  title     = {Links: Web Programming Without Tiers},
  booktitle = {Formal Methods for Components and Objects, 5th International Symposium,
               {FMCO} 2006, Amsterdam, The Netherlands, November 7-10, 2006, Revised
               Lectures},
  series    = {Lecture Notes in Computer Science},
  volume    = {4709},
  pages     = {266--296},
  publisher = {Springer},
  year      = {2006},
  OPTurl       = {http://dx.doi.org/10.1007/978-3-540-74792-5_12},
  OPTdoi       = {10.1007/978-3-540-74792-5_12},
  timestamp = {Thu, 07 Aug 2008 14:36:41 +0200},
  biburl    = {http://dblp.uni-trier.de/rec/bib/conf/fmco/CooperLWY06},
  bibsource = {dblp computer science bibliography, http://dblp.org}
}

@misc{Saleh2016,
  author = {Amr Hany Saleh and Tom Schrijvers},
  title  = {Efficient Algebraic Effect Handlers for {Prolog}},
  year   = 2016,
  howpublished = {Submitted to TPLP}
}

@inproceedings{Kiselyov2013,
  author    = {Oleg Kiselyov and
               Amr Sabry and
               Cameron Swords},
  editor    = {Chung{-}chieh Shan},
  title     = {Extensible effects: an alternative to monad transformers},
  booktitle = {Proceedings of the 2013 {ACM} {SIGPLAN} Symposium on Haskell, Boston,
               MA, USA, September 23-24, 2013},
  pages     = {59--70},
  publisher = {{ACM}},
  year      = {2013},
  OPTurl       = {http://doi.acm.org/10.1145/2503778.2503791},
  OPTdoi       = {10.1145/2503778.2503791},
  timestamp = {Thu, 19 Sep 2013 11:34:51 +0200},
  biburl    = {http://dblp.uni-trier.de/rec/bib/conf/haskell/KiselyovSS13},
  bibsource = {dblp computer science bibliography, http://dblp.org}
}

@misc{Dolan2015,
  title = {Effective Concurrency through Algebraic Effects},
  author = {Stephen Dolan and Leo White and {KC} Sivaramakrishnan and Jeremy Yallop and Anil Madhavapeddy},
  year = 2015,
  howpublished = {OCaml Workshop}
}

@article{Bauer2015,
  author    = {Andrej Bauer and
               Matija Pretnar},
  title     = {Programming with algebraic effects and handlers},
  journal   = {J. Log. Algebr. Meth. Program.},
  volume    = {84},
  number    = {1},
  pages     = {108--123},
  year      = {2015},
  url       = {http://dx.doi.org/10.1016/j.jlamp.2014.02.001},
  OPTdoi       = {10.1016/j.jlamp.2014.02.001},
  timestamp = {Wed, 07 Jan 2015 15:54:11 +0100},
  biburl    = {http://dblp.uni-trier.de/rec/bib/journals/jlp/BauerP15},
  bibsource = {dblp computer science bibliography, http://dblp.org}
}

@InProceedings{Kammar2013,
 author = {Kammar, Ohad and Lindley, Sam and Oury, Nicolas},
 title = {Handlers in Action},
 booktitle = {Proceedings of the 18th ACM SIGPLAN International Conference on Functional Programming},
 series = {ICFP '13},
 year = {2013},
 isbn = {978-1-4503-2326-0},
 location = {Boston, Massachusetts, USA},
 pages = {145--158},
 numpages = {14},
 url = {http://doi.acm.org/10.1145/2500365.2500590},
 OPTdoi = {10.1145/2500365.2500590},
 acmid = {2500590},
 publisher = {ACM},
 address = {New York, NY, USA},
 keywords = {algebraic effects, continuations, effect handlers, effect typing, haskell, modularity, monads},
}

@TechReport{Leijen2016,
  author = {Daan Leijen},
  title  = {Type Directed Compilation of Row-typed Algebraic Effects},
  year   = 2016,
  institution = {Microsoft Research},
  type   = {Technical report},
  url    = {https://www.microsoft.com/en-us/research/wp-content/uploads/2016/08/algeff-tr-2016-1.pdf}
}